% example .bib file for use with projectpaper.tex

@book{budgen,
  author    = {David Budgen},
  title     = {Software Design},
  edition   = {2nd},
  year      = 2003,
  publisher = {Addison Wesley}
}

@unpublished{euther,
  author = {K. Euther},
  title  = {Title of Paper},
  year   = 2006,
  note   = {unpublished}
}

@unpublished{futher,
  author  = {R. Futher},
  title   = {Title of Paper 2},
  year    = 2006,
  journal = {J. Name. Stand. Abbrev.},
  note    = {submitted for publication}
}

@article{zhang2017applications,
  title     = {Applications of nonlocal means algorithm in low-dose X-ray CT image processing and reconstruction: A review},
  author    = {Zhang, Hao and Zeng, Dong and Zhang, Hua and Wang, Jing and Liang, Zhengrong and Ma, Jianhua},
  journal   = {Medical physics},
  volume    = {44},
  number    = {3},
  pages     = {1168--1185},
  year      = {2017},
  publisher = {Wiley Online Library}
}


@article{angoletta2008digital,
  title     = {Digital signal processor fundamentals and system design},
  author    = {Angoletta, Maria Elena},
  year      = {2008},
  publisher = {CERN}
}

@article{cloud_worker,
  title     = {Rethink Technology In The Age Of The Cloud Worker},
  author    = {Forrester},
  year      = {2018},
  publisher = {Forrester}
}

@techreport{Hickson,
  author      = {Ian Hickson},
  title       = {Web Workers},
  month       = apr,
  note        = {https://www.w3.org/TR/2009/WD-workers-20090423/},
  year        = {2009},
  type        = {{W3C} Note},
  institution = {W3C}
}

@inproceedings{haas2017bringing,
  title     = {Bringing the web up to speed with WebAssembly},
  author    = {Haas, Andreas and Rossberg, Andreas and Schuff, Derek L and Titzer, Ben L and Holman, Michael and Gohman, Dan and Wagner, Luke and Zakai, Alon and Bastien, JF},
  booktitle = {Proceedings of the 38th ACM SIGPLAN Conference on Programming Language Design and Implementation},
  pages     = {185--200},
  year      = {2017}
}


@online{nextjs,
  author      = {Joe Haddad},
  title       = {Remove sharp for wasm variant},
  month       = feb,
  url         = {https://github.com/vercel/next.js/pull/22253},
  year        = {2021},
  type        = {Pull Request},
  institution = {Vercel}
}

@online{photon,
  author  = {Silva Odwyer},
  title   = {Photon},
  year    = 2019,
  url     = {https://github.com/silvia-odwyer/photon},
  urldate = {2021-03-26}
}

@online{esbuild,
  author  = {Evan Wallace},
  title   = {esbuild},
  year    = 2020,
  url     = {https://esbuild.github.io/getting-started},
  urldate = {2021-03-27}
}

@misc{figmawasm,
  title    = {WebAssembly cut Figma's load time by 3x},
  author   = {Evan Wallace},
  url      = {https://www.figma.com/blog/webassembly-cut-figmas-load-time-by-3x/},
  year     = 2017,
  language = {en},
  urldate  = {2020-10-28}
}

@inproceedings{jangda2019not,
  title     = {Not so fast: analyzing the performance of webassembly vs. native code},
  author    = {Jangda, Abhinav and Powers, Bobby and Berger, Emery D and Guha, Arjun},
  booktitle = {2019 $\{$USENIX$\}$ Annual Technical Conference ($\{$USENIX$\}$$\{$ATC$\}$ 19)},
  pages     = {107--120},
  year      = {2019}
}

@online{sharp,
  author  = { Lovell Fuller },
  title   = {Sharp performance},
  year    = 2020,
  url     = {https://sharp.pixelplumbing.com/performance},
  urldate = {2021-03-28}
}

@book{webalmanac,
  author    = {Ralph Levien and others},
  title     = {Web Almanac},
  edition   = {2020},
  year      = 2020,
  publisher = {HTTP Archive}
}

@online{cloudinary,
  author  = { Jon Sneyers },
  title   = {How JPEG XL Compares to Other Image Codecs},
  year    = 2020,
  url     = {https://cloudinary.com/blog/how{\_}jpeg{\_}xl{\_}compares{\_}to{\_}other{\_}image{\_}codecs},
  urldate = {2021-04-01}
}

@article{ukrit2011survey,
  title     = {A survey on lossless compression for medical images},
  author    = {Ukrit, M Ferni and Umamageswari, A and Suresh, GR},
  journal   = {International Journal of Computer Applications},
  volume    = {31},
  number    = {8},
  pages     = {47--50},
  year      = {2011},
  publisher = {Citeseer}
}

@inproceedings{biorn2017progressive,
  title        = {Progressive web apps: The possible web-native unifier for mobile development},
  author       = {Bi{\o}rn-Hansen, Andreas and Majchrzak, Tim A and Gr{\o}nli, Tor-Morten},
  booktitle    = {International Conference on Web Information Systems and Technologies},
  volume       = {2},
  pages        = {344--351},
  year         = {2017},
  organization = {SCITEPRESS}
}

@online{wasmbindgen,
  author  = { Rust and Web WebAssembly Working Group },
  title   = {wasm-bindgen},
  year    = 2017,
  url     = {https://github.com/rustwasm/wasm-bindgen},
  urldate = {2021-04-07}
}

@book{nielsen1994usability,
  title     = {Usability engineering},
  author    = {Nielsen, Jakob},
  year      = {1994},
  publisher = {Morgan Kaufmann}
}

@online{webvitals,
  author  = { Philip Walton },
  title   = {Web Vitals},
  year    = 2020,
  url     = {https://web.dev/vitals/},
  urldate = {2021-04-09}
}

@online{webmarketshare,
  author  = { Statcounter },
  title   = {Browser Market Share Worldwide},
  year    = 2021,
  url     = {https://gs.statcounter.com/browser-market-share},
  urldate = {2021-04-09}
}

@manual{jpeg,
  title        = {INFORMATION TECHNOLOGY – DIGITAL COMPRESSION AND CODING OF CONTINUOUS-TONE STILL IMAGES – REQUIREMENTS AND GUIDELINES},
  organization = {The International Telegraph and Telephone Consulative Committee},
  journal      = {International Tellecommunication Union},
  year         = {1993}
}

@article{strassen1969gaussian,
  title     = {Gaussian elimination is not optimal},
  author    = {Strassen, Volker},
  journal   = {Numerische mathematik},
  volume    = {13},
  number    = {4},
  pages     = {354--356},
  year      = {1969},
  publisher = {Springer}
}

@inproceedings{huang2016strassen,
  title        = {Strassen's algorithm reloaded},
  author       = {Huang, Jianyu and Smith, Tyler M and Henry, Greg M and Van De Geijn, Robert A},
  booktitle    = {SC'16: Proceedings of the International Conference for High Performance Computing, Networking, Storage and Analysis},
  pages        = {690--701},
  year         = {2016},
  organization = {IEEE}
}

@inproceedings{royce1987managing,
  title     = {Managing the development of large software systems: concepts and techniques},
  author    = {Royce, Winston W},
  booktitle = {Proceedings of the 9th international conference on Software Engineering},
  pages     = {328--338},
  year      = {1987}
}

@misc{fastq,
  title    = {How {We} {Used} {WebAssembly} {To} {Speed} {Up} {Our} {Web} {App} {By} {20X} ({Case} {Study})},
  url      = {https://www.smashingmagazine.com/2019/04/webassembly-speed-web-app/},
  abstract = {In this article, we explore how we can speed up web applications by replacing slow JavaScript calculations with compiled WebAssembly.},
  language = {en},
  urldate  = {2020-11-27},
  journal  = {Smashing Magazine},
  month    = apr,
  year     = {2019},
  author   = {Robert Aboukhalil}
}

@techreport{webgpu,
  type        = {Standard},
  title       = {WebGPU},
  author      = {{GPU for the Web Community Group}},
  institution = {W3C},
  year        = {2021}
}