@misc{linkurious,
  title    = {To {WASM} or not to {WASM}?},
  url      = {https://dev.to/linkuriousdev/to-wasm-or-not-to-wasm-3803},
  abstract = {A WASM benchmark story   At Linkurious, we build Linkurious Enterprise, a Web platform that...},
  language = {en},
  urldate  = {2020-11-27},
  journal  = {DEV Community}
}

@misc{fastq,
  title    = {How {We} {Used} {WebAssembly} {To} {Speed} {Up} {Our} {Web} {App} {By} {20X} ({Case} {Study})},
  url      = {https://www.smashingmagazine.com/2019/04/webassembly-speed-web-app/},
  abstract = {In this article, we explore how we can speed up web applications by replacing slow JavaScript calculations with compiled WebAssembly.},
  language = {en},
  urldate  = {2020-11-27},
  journal  = {Smashing Magazine},
  month    = apr,
  year     = {2019}
}


@inproceedings{haas2017bringing,
  title     = {Bringing the web up to speed with WebAssembly},
  author    = {Haas, Andreas and Rossberg, Andreas and Schuff, Derek L and Titzer, Ben L and Holman, Michael and Gohman, Dan and Wagner, Luke and Zakai, Alon and Bastien, JF},
  booktitle = {Proceedings of the 38th ACM SIGPLAN Conference on Programming Language Design and Implementation},
  pages     = {185--200},
  year      = {2017}
}


@misc{figmawasm,
  title    = {WebAssembly cut Figma's load time by 3x},
  author   = {Evan Wallace},
  url      = {https://www.figma.com/blog/webassembly-cut-figmas-load-time-by-3x/},
  language = {en},
  urldate  = {2020-10-28}
}



